@article{marvastipopular,
  title={Popular Diets and Health},
  author={Marvasti, Farshad Fani},
  journal={Culinary Medicine},
  pages={327}
}

@misc{dataset_macronutrients,
  author = {The Devastator [www.kaggle.com/thedevastator]},
  howpublished = {kaggle},
  title = {Diets, Recipes And Their Nutrients},
  url = {https://www.kaggle.com/datasets/thedevastator/healthy-diet-recipes-a-comprehensive-dataset},
  year = {2024}
}